@Book{1,
  author = "T. H. Cormen and C. E. Leiserson and R. L. Rivest and C. Stein",
  title     = "Introduction to Algorithms, Third Edition",
  year      = "2009",
  publisher = "The MIT Press",
  edition  = "3rd"
}
@article{2,
  author	 = "C. A. R. Hoare",
  number	 =  "7",
  journal	=  "Communications of ACM 4",
  title = "Algorithm 64: Quicksort",
  pages	=  "321-",
  year = "1961"
}
@article{3,
  author	= "W. A. Martin",
  title	= "Sorting",
  journal	= "ACM Computing Survey 3",
  number	= "4",
  pages	= "147-174",
  year = "1971"
}
@conference{4,
    author    = "S. Roy and A. Rudra and A. Verma",
    title     = "An energy complexity model for algorithms",
    booktitle = "Proceedings of the 4th Conference on Innovations in Theoretical Computer Science",
    pages    = "283-304",
    year      = "2013",
    publisher = "ITCS '13"
   }